
@online{Biggs:01,
 author = {Biggs, Wes and Evans, Harry},
 title = {Simplify XML Programming with JDOM},
 month = may,
 year = {2001},
 url = {http://www.ibm.com/developerworks/java/library/j-jdom/}
}

@TechReport{Birman:10,
	author = {Birman, Ken and  Malkh, Dahliai and  van Renesse, Robbert},
	title = {Virtually Synchronous Methodology for Dynamic Service Replication},
	year = {2010},
	institution = {Microsoft Research Silicon Valley},	
}

@article{Breiman:01,
 author = {Breiman, Leo},
 title = {Random Forests},
 journal = {Machine Learning},
 issue_date = {October 1 2001},
 volume = {45},
 number = {1},
 month = oct,
 year = {2001},
 issn = {0885-6125},
 pages = {5--32},
 numpages = {28},
 url = {http://dx.doi.org/10.1023/A:1010933404324},
 doi = {10.1023/A:1010933404324},
 acmid = {570182},
 publisher = {Kluwer Academic Publishers},
 address = {Hingham, MA, USA},
 keywords = {classification, ensemble, regression},
}

@BOOK{Breiman:84,
  author        = {Leo {Breiman} and J. H. {Friedman} and R. A. {Olshen} and C. J. {Stone}},
  title         = {{Classification and Regression Trees}},
  publisher     = {Chapman \& Hall},
  address       = {New York},
  year          = {1984},
  pages         = {358},
  isbn          = {0-412-04841-8},
  url           = {http://www.crcpress.com/catalog/C4841.htm},
  amazon-url    = {http://www.amazon.de/exec/obidos/ASIN/0412048418},
  price         = {\$44.95, DM 83.26 EUR 42.57},
  remarks       = {\tbf},
  abstract      = {},
}

@incollection{Buchanan:69,
 author      = {Buchanan, B.G. and Sutherland, G.L. and Feigenbaum, E.A.},
 title       = {Heuristic DENDRAL: A program for generating explanatory hypotheses in organic chemistry},
 editor      = {B. Meltzer and D. Michie and R. Swann},
 booktitle   = {Machine Intelligence 4},
 pages       = {209--254},
 publisher   = {Edinburgh University Press},
 address     = {Edinburgh},
 year        = 1969,
}

@PhdThesis{Chen:10,
  title = "{Adaptive Performance and Power Management in Distributed Computing Systems}",
  author = "Ming Chen",
  school = "University of Tennessee, Knoxville",
  month = aug,
  year = "2010",
}

@INPROCEEDINGS{Chen:08,
	AUTHOR = "Tian Chen and Liu Wenyu and Wang Yi and Huaien Luo",
	TITLE = "A Uniform Host Protocol Framework Planning to Change",
	BOOKTITLE = "VTC Spring'08",
	PAGES = {2730-2734},
	YEAR = {2008}, 
}

@article{Coulson:08,
 author = {Coulson, Geoff and Blair, Gordon and Grace, Paul and Taiani, Francois and Joolia, Ackbar and Lee, Kevin and Ueyama, Jo and Sivaharan, Thirunavukkarasu},
 title = {A generic component model for building systems software},
 journal = {ACM Trans. Comput. Syst.},
 issue_date = {February 2008},
 volume = {26},
 number = {1},
 month = mar,
 year = {2008},
 issn = {0734-2071},
 pages = {1:1--1:42},
 articleno = {1},
 numpages = {42},
 url = {http://doi.acm.org/10.1145/1328671.1328672},
 doi = {10.1145/1328671.1328672},
 acmid = {1328672},
 publisher = {ACM},
 address = {New York, NY, USA},
 keywords = {Component-based software, computer systems implementation},
}

@article{Criminisi:11,
url = {http://dx.doi.org/10.1561/0600000035},
year = {2012},
volume = {7},
journal = {Foundations and Trends in Computer Graphics and Vision},
title = {Decision Forests: A Unified Framework for Classification, Regression, Density Estimation, Manifold Learning and Semi-Supervised Learning},
doi = {10.1561/0600000035},
issn = {1572-2740},
number = {2--3},
pages = {81-227},
author = {Antonio Criminisi and Jamie  Shotton and Ender Konukoglu}
}

@article{Darwiche:10,
 author = {Darwiche, Adnan},
 title = {Bayesian Networks},
 journal = {Commun. ACM},
 issue_date = {December 2010},
 volume = {53},
 number = {12},
 month = dec,
 year = {2010},
 issn = {0001-0782},
 pages = {80--90},
 numpages = {11},
 url = {http://doi.acm.org/10.1145/1859204.1859227},
 doi = {10.1145/1859204.1859227},
 acmid = {1859227},
 publisher = {ACM},
 address = {New York, NY, USA},
}

@article{Dietterich:2000,
 author = {Dietterich, Thomas G.},
 title = {An Experimental Comparison of Three Methods for Constructing Ensembles of Decision Trees: Bagging, Boosting, and Randomization},
 journal = {Mach. Learn.},
 issue_date = {Aug. 2000},
 volume = {40},
 number = {2},
 month = aug,
 year = {2000},
 issn = {0885-6125},
 pages = {139--157},
 numpages = {19},
 url = {http://dx.doi.org/10.1023/A:1007607513941},
 doi = {10.1023/A:1007607513941},
 acmid = {350131},
 publisher = {Kluwer Academic Publishers},
 address = {Hingham, MA, USA},
 keywords = {C4.5, Monte Carlo methods, bagging, boosting, decision trees, ensemble learning},
}

@incollection{Feigenbaum:71,
 author      = {Feigenbaum, E.A. and Buchanan, B.G. and Lederberg, J.},
 title       = {On generality and problem solving: A case study using the DENDRAL program},
 editor      = {B. Meltzer and D. Michie},
 booktitle   = {Machine Intelligence 6},
 pages       = {160--190},
 publisher   = {Edinburgh University Press},
 address     = {Edinburgh},
 year        = 1971,
}

@inproceedings{Flores-cortes:06,
 author = {Flores-Cort{\'e}s, Carlos A. and Blair, Gordon S. and Grace, Paul},
 title = {A multi-protocol framework for ad-hoc service discovery},
 booktitle = {Proceedings of the 4th international workshop on Middleware for Pervasive and Ad-Hoc Computing (MPAC 2006)},
 series = {MPAC '06},
 year = {2006},
 isbn = {1-59593-421-9},
 location = {Melbourne, Australia},
 pages = {10--},
 url = {http://doi.acm.org/10.1145/1169075.1169085},
 doi = {10.1145/1169075.1169085},
 acmid = {1169085},
 publisher = {ACM},
 address = {New York, NY, USA},
 keywords = {MANET, ad-hoc, middleware, mobile computing, service discovery},
}

@article{Friedman:97,
 year={1997},
 issn={0885-6125},
 journal={Machine Learning},
 volume={29},
 number={2-3},
 doi={10.1023/A:1007465528199},
 title={Bayesian Network Classifiers},
 url={http://dx.doi.org/10.1023/A%3A1007465528199},
 publisher={Kluwer Academic Publishers},
 keywords={Bayesian networks; classification},
 author={Friedman, Nir and Geiger, Dan and Goldszmidt, Moises},
 pages={131-163},
 language={English}
}

@inproceedings{Friedman:96, 
  title={Discretizing continuous attributes while learning Bayesian networks}, 
  author={Friedman, Nir and Goldszmidt, Moises and others}, 
  booktitle={ICML}, 
  pages={157--165}, 
  year={1996} 
}

@ARTICLE{Ho:98,
 author={Tin Kam Ho},
 journal={Pattern Analysis and Machine Intelligence, IEEE Transactions on},
 title={The random subspace method for constructing decision forests},
 year={1998},
 month={Aug},
 volume={20},
 number={8},
 pages={832-844},
 keywords={decision theory;learning (artificial intelligence);pattern classification;random processes;trees (mathematics);classification accuracy;decision forests;decision tree based classifier;decision trees;feature vector;generalization accuracy;maximum accuracy;overfitting;random subspace method;Binary trees;Classification tree analysis;Clustering algorithms;Decision trees;Stochastic systems;Support vector machine classification;Support vector machines;Tin;Training data},
 doi={10.1109/34.709601},
 ISSN={0162-8828},
}

@inproceedings{Ho:95,
  title={Random decision forests},
  author={Ho, Tin Kam},
  booktitle={Document Analysis and Recognition, 1995., Proceedings of the Third International Conference on},
  volume={1},
  pages={278--282},
  year={1995},
  organization={IEEE}
}

@article{Hoffert:11,
 author = {Hoffert, Joe and Schmidt, Douglas and Gokhale, Aniruddha},
 title = {Evaluating Timeliness and Accuracy Trade-offs of Supervised Machine Learning for Adapting Enterprise DRE Systems in Dynamic Environments},
 journal = {International Journal of Computational Intelligence Systems},
 issue_date = {February 2008},
 volume = {4},
 number = {5},
 year = {2011},
 issn = {0734-2071},
 pages = {806--816},
 numpages = {11},
 url = {http://dx.doi.org/10.1080/18756891.2011.9727832},
 publisher = {Atlantis Press},
}

@article{Hoffert:10,
 author = {Joe Hoffert and Daniel Mack and Douglas C. Schmidt},
 title = {Integrating Machine Learning Techniques to Adapt Protocols for QoS-enabled Distributed Real-time and Embedded Publish/Subscribe Middleware},
 journal = {Network Protocols and Algorithms},
 volume = {2},
 number = {3},
 year = {2010},
 issn = {1943-3581},
 pages = {37--69},
 numpages = {33},
}

@INPROCEEDINGS{Huang:06, 
 author={Yi Huang and Gannon, D.}, 
 booktitle={Parallel Processing Workshops, 2006. ICPP 2006 Workshops. 2006 International Conference on}, title={A comparative study of Web services-based event notification specifications}, 
 year={2006}, 
 month=aug, 
 volume={}, 
 number={}, 
 pages={pp. 7-14}, 
 keywords={Computer science;Convergence;Event detection;Parallel processing;Scalability;Simple object access protocol;Subscriptions;Web and internet services;Web services;XML;Internet;grid computing;open systems;Web services-based event notification specifications;asynchronous communication;publish-subscribe;service-oriented grid computing;Grid computing;WS-Eventing;WS-Notification;Web service;event notification;mediation;publish/subscribe;}, 
 doi={10.1109/ICPPW.2006.5}, 
 ISSN={},
 publisher = {IEEE Computer Society},
 address = {Los Alamitos, CA, USA},
}

@online{Hunter:01,
 author = {Hunter, Jason},
 title = {JSR 102: JDOM 1.0},
 month = feb,
 year = {2001},
 url = {http://jcp.org/en/jsr/detail?id=102}
}

@inproceedings{Kliazovich:08,
	author = {Kliazovich, D. and Granelli, F.},
	title = {Distributed Protocol Stacks: A Framework for Balancing Interoperability with Optimization},
	booktitle = {Communications Workshops, 2008. ICC Workshops '08. IEEE International Conference on},
	pages = {241 - 245},
	year = {2008},
}

@article{Kober:13,
 author = {Kober, Jens and Bagnell, J. Andrew and Peters, Jan},
 title = {Reinforcement Learning in Robotics: A Survey},
 journal = {International Journal of Robotics Research},
 issue_date = {September 2013},
 volume = {32},
 number = {11},
 month = sep,
 year = {2013},
 issn = {0278-3649},
 pages = {1238--1274},
 numpages = {37},
 url = {http://dx.doi.org/10.1177/0278364913495721},
 doi = {10.1177/0278364913495721},
 acmid = {2528334},
 publisher = {Sage Publications, Inc.},
 address = {Thousand Oaks, CA, USA},
 keywords = {Reinforcement learning, learning control, robot, survey},
}

@article{Lamport:82,
 author = {Lamport, Leslie and Shostak, Robert and Pease, Marshall},
 title = {The Byzantine Generals Problem},
 journal = {ACM Trans. Program. Lang. Syst.},
 issue_date = {July 1982},
 volume = {4},
 number = {3},
 month = jul,
 year = {1982},
 issn = {0164-0925},
 pages = {382--401},
 numpages = {20},
 url = {http://doi.acm.org/10.1145/357172.357176},
 doi = {10.1145/357172.357176},
 acmid = {357176},
 publisher = {ACM},
 address = {New York, NY, USA},
}

@article{Lin:06,
 author = {Lin, Yi and Jeon, Yongho},
 title = {Random Forests and Adaptive Nearest Neighbors},
 journal = {Journal of the American Statistical Association},
 volume = {101},
 number = {474},
 pages = {578-590},
 year = {2006},
 doi = {10.1198/016214505000001230},
 URL = {http://dx.doi.org/10.1198/016214505000001230},
 eprint = {http://dx.doi.org/10.1198/016214505000001230}
}


@article{Minkel:08,
 author = {Minkel, JR},
 title = {The 2003 Northeast Blackout--Five Years Later},
 journal = {Scientific American},
 issue_date = {Aug 13, 2008},
 month = aug,
 year = {2008},
 url = {http://www.scientificamerican.com/article/2003-blackout-five-years-later},
 publisher = {Scientific American, a division of Nature America, Inc.},
} 

@article{Minsky:11,
 author = {Minsky, Yaron},
 title = {OCaml for the masses},
 journal = {Commun. ACM},
 issue_date = {November 2011},
 volume = {54},
 number = {11},
 month = nov,
 year = {2011},
 issn = {0001-0782},
 pages = {53--58},
 numpages = {6},
 url = {http://doi.acm.org/10.1145/2018396.2018413},
 doi = {10.1145/2018396.2018413},
 acmid = {2018413},
 publisher = {ACM},
 address = {New York, NY, USA},
}

@book{Ozsu:11,
 author = {\"{O}zsu, M. Tamer and Valduriez, Patrick},
 title = {Principles of Distributed Database Systems},
 year = {2011},
 isbn = {978-1-4419-8833-1},
 edition = {3rd},
 publisher = {Springer New York},
 address = {New York, NY, USA},
} 

@book{Ozsu:07,
 author = {\"{O}zsu, M. Tamer},
 title = {Principles of Distributed Database Systems},
 year = {2007},
 isbn = {9780130412126},
 edition = {2nd},
 publisher = {Prentice Hall Press},
 address = {Upper Saddle River, NJ, USA},
} 

@article{Parker:10,
 author = {Parker, Tom and Halkes, Gertjan and Bezemer, Maarten and Langendoen, Koen},
 title = {The $\lambda$MAC framework: redefining MAC protocols for wireless sensor networks},
 journal = {Wirel. Netw.},
 issue_date = {October   2010},
 volume = {16},
 number = {7},
 month = oct,
 year = {2010},
 issn = {1022-0038},
 pages = {2013--2029},
 numpages = {17},
 url = {http://dx.doi.org/10.1007/s11276-010-0241-7},
 doi = {10.1007/s11276-010-0241-7},
 acmid = {1872862},
 publisher = {Kluwer Academic Publishers},
 address = {Hingham, MA, USA},
 keywords = {MAC protocols, Protocol architecture, Wireless sensor networks},
}

@ARTICLE{Philips-Wren:12,
 AUTHOR = {Philips-Wren, Gloria}, 
 TITLE = {AI Tools in Decision Making Support Systems: A Review},
 JOURNAL = {International Journal on Artificial Intelligence Tools},
 YEAR = {2012},
 Volume = {21},
 Number = {2},
 Pages = {124005-1--124005-13}
}

@ARTICLE{Philippsen:97,
 AUTHOR = {Philippsen, Michael and Zenger, Matthias}, 
 TITLE = {JavaParty - Transparent Remote Objects in Java},
 JOURNAL = {Concurrency: Practice and Experience},
 YEAR = {1997},
 Volume = {9},
 Number = {11},
 Pages = {1225-1242},
 Month = {November}
}

@book{Quinlan:93,
 author = {Quinlan, J. Ross},
 title = {C4.5: Programs for Machine Learning},
 year = {1993},
 isbn = {1-55860-238-0},
 publisher = {Morgan Kaufmann Publishers Inc.},
 address = {San Francisco, CA, USA},
} 

@article{Ramchurn:12,
 author = {Ramchurn, Sarvapali D. and Vytelingum, Perukrishnen and Rogers, Alex and Jennings, Nicholas R.},
 title = {Putting the 'Smarts' into the Smart Grid: A Grand Challenge for Artificial Intelligence},
 journal = {Commun. ACM},
 issue_date = {April 2012},
 volume = {55},
 number = {4},
 month = apr,
 year = {2012},
 issn = {0001-0782},
 pages = {86--97},
 numpages = {12},
 url = {http://doi.acm.org/10.1145/2133806.2133825},
 doi = {10.1145/2133806.2133825},
 acmid = {2133825},
 publisher = {ACM},
 address = {New York, NY, USA},
} 

@inproceedings{Ramdhany:09,
 author = {Ramdhany, Rajiv and Grace, Paul and Coulson, Geoff and Hutchison, David},
 title = {MANETKit: supporting the dynamic deployment and reconfiguration of ad-hoc routing protocols},
 booktitle = {Proceedings of the 10th ACM/IFIP/USENIX International Conference on Middleware},
 series = {Middleware '09},
 year = {2009},
 location = {Urbanna, Illinois},
 pages = {1:1--1:20},
 articleno = {1},
 numpages = {20},
 url = {http://dl.acm.org.ezproxy.aekc.talonline.ca/citation.cfm?id=1656980.1656982},
 acmid = {1656982},
 publisher = {Springer-Verlag New York, Inc.},
 address = {New York, NY, USA},
 keywords = {ad-hoc routing, protocol frameworks},
}

@inproceedings{Ramdhany:08,
 author = {Ramdhany, Rajiv and Coulson, Geoff},
 title = {Manetkit: A Framework for MANET Routing Protocols},
 booktitle = {Proceedings of the 2008 The 28th International Conference on Distributed Computing Systems Workshops},
 series = {ICDCSW '08},
 year = {2008},
 isbn = {978-0-7695-3173-1},
 pages = {261--266},
 numpages = {6},
 url = {http://dx.doi.org/10.1109/ICDCS.Workshops.2008.63},
 doi = {10.1109/ICDCS.Workshops.2008.63},
 acmid = {1439687},
 publisher = {IEEE Computer Society},
 address = {Washington, DC, USA},
 keywords = {Ad hoc routing, adaptive routing, MANET, protocol frameworks, middleware},
}

@book{Russell:10,
 author = {Russell, Stuart and Norvig, Peter},
 title = {Artificial Intelligence: A Modern Approach},
 year = {2010},
 isbn = {9780136042594},
 edition = {3rd},
 publisher = {Prentice Hall},
 address = {Upper Saddle River, NJ, USA},
} 

@inproceedings{Rutti:06,
 author = {R\"{u}tti, Olivier and Wojciechowski, Pawe\l T. and Schiper, Andr{\'e}},
 title = {Service interface: a new abstraction for implementing and composing protocols},
 booktitle = {Proceedings of the 2006 ACM symposium on Applied computing},
 series = {SAC '06},
 year = {2006},
 isbn = {1-59593-108-2},
 location = {Dijon, France},
 pages = {691--696},
 numpages = {6},
 url = {http://doi.acm.org/10.1145/1141277.1141436},
 doi = {10.1145/1141277.1141436},
 acmid = {1141436},
 publisher = {ACM},
 address = {New York, NY, USA},
 keywords = {dynamic protocol replacement, modularity, protocol frameworks},
}

@article{Sahin:2012,
 author = {Sahin, S. and Tolun, M. R. and Hassanpour, R.},
 title = {Review: Hybrid Expert Systems: A Survey of Current Approaches and Applications},
 journal = {Expert Syst. Appl.},
 issue_date = {March, 2012},
 volume = {39},
 number = {4},
 month = mar,
 year = {2012},
 issn = {0957-4174},
 pages = {4609--4617},
 numpages = {9},
 url = {http://dx.doi.org/10.1016/j.eswa.2011.08.130},
 doi = {10.1016/j.eswa.2011.08.130},
 acmid = {2076899},
 publisher = {Pergamon Press, Inc.},
 address = {Tarrytown, NY, USA},
 keywords = {Connectionist expert systems, Expert systems, Hybrid expert systems, Neuro-fuzzy expert systems, Rough neural expert systems},
} 

@article{Vanrenesse:96,
 author = {van Renesse, Robbert and Birman, Kenneth P. and Maffeis, Silvano},
 title = {Horus: a flexible group communication system},
 journal = {Commun. ACM},
 issue_date = {April 1996},
 volume = {39},
 number = {4},
 month = apr,
 year = {1996},
 issn = {0001-0782},
 pages = {76--83},
 numpages = {8},
 url = {http://doi.acm.org/10.1145/227210.227229},
 doi = {10.1145/227210.227229},
 acmid = {227229},
 publisher = {ACM},
 address = {New York, NY, USA},
}

@inproceedings{Xu:08,
 author = {Xu, Hongzhe and Peng, Xiaohui and Yue, Li and Ming, Chen},
 title = {Research in a Framework of Embedded Network Protocol Stack and Application},
 booktitle = {Proceedings of the 2008 IEEE Pacific-Asia Workshop on Computational Intelligence and Industrial Application - Volume 01},
 series = {PACIIA '08},
 year = {2008},
 isbn = {978-0-7695-3490-9},
 pages = {768--771},
 numpages = {4},
 url = {http://dx.doi.org/10.1109/PACIIA.2008.368},
 doi = {10.1109/PACIIA.2008.368},
 acmid = {1494683},
 publisher = {IEEE Computer Society},
 address = {Washington, DC, USA},
}

@inproceedings{Yongjun:06,
 author = {YongJun, Wang and QingYuan, Huang},
 title = {Research of Flexible Protocol Development Software Framework Based on Network Processor},
 booktitle = {Proceedings of the 2006 International Conference on Hybrid Information Technology - Volume 01},
 series = {ICHIT '06},
 year = {2006},
 isbn = {0-7695-2674-8},
 pages = {270--277},
 numpages = {8},
 url = {http://dx.doi.org/10.1109/ICHIT.2006.205},
 doi = {10.1109/ICHIT.2006.205},
 acmid = {1193400},
 publisher = {IEEE Computer Society},
 address = {Washington, DC, USA},
}
